@article{DBLP:journals/corr/VinyalsTBE14,
  author    = {Oriol Vinyals and
               Alexander Toshev and
               Samy Bengio and
               Dumitru Erhan},
  title     = {Show and Tell: {A} Neural Image Caption Generator},
  journal   = {CoRR},
  volume    = {abs/1411.4555},
  year      = {2014},
  url       = {http://arxiv.org/abs/1411.4555},
  archivePrefix = {arXiv},
  eprint    = {1411.4555},
  timestamp = {Wed, 07 Jun 2017 14:41:10 +0200},
  biburl    = {https://dblp.org/rec/bib/journals/corr/VinyalsTBE14},
  bibsource = {dblp computer science bibliography, https://dblp.org}
}

@article{DBLP:journals/corr/abs-1804-03928,
  author    = {Rajat Kumar Sinha and
               Ruchi Pandey and
               Rohan Pattnaik},
  title     = {Deep Learning For Computer Vision Tasks: {A} review},
  journal   = {CoRR},
  volume    = {abs/1804.03928},
  year      = {2018},
  url       = {http://arxiv.org/abs/1804.03928},
  archivePrefix = {arXiv},
  eprint    = {1804.03928},
  timestamp = {Tue, 01 May 2018 19:46:29 +0200},
  biburl    = {https://dblp.org/rec/bib/journals/corr/abs-1804-03928},
  bibsource = {dblp computer science bibliography, https://dblp.org}
}

@article{DBLP:journals/corr/ChoMGBSB14,
  author    = {Kyunghyun Cho and
               Bart van Merrienboer and
               {\c{C}}aglar G{\"{u}}l{\c{c}}ehre and
               Fethi Bougares and
               Holger Schwenk and
               Yoshua Bengio},
  title     = {Learning Phrase Representations using {RNN} Encoder-Decoder for Statistical
               Machine Translation},
  journal   = {CoRR},
  volume    = {abs/1406.1078},
  year      = {2014},
  url       = {http://arxiv.org/abs/1406.1078},
  archivePrefix = {arXiv},
  eprint    = {1406.1078},
  timestamp = {Wed, 07 Jun 2017 14:43:08 +0200},
  biburl    = {https://dblp.org/rec/bib/journals/corr/ChoMGBSB14},
  bibsource = {dblp computer science bibliography, https://dblp.org}
}